@article{example,
  author  = {Author Example},
  title   = {Example Title},
  year    = {1965},
}